[gd_scene load_steps=8 format=2]

[ext_resource path="res://scripts/Enemy.gd" type="Script" id=1]
[ext_resource path="res://assets/enemy/red_enemy.tres" type="SpriteFrames" id=2]

[sub_resource type="RectangleShape2D" id=1]
extents = Vector2( 23.2389, 41.5179 )

[sub_resource type="Animation" id=2]
resource_name = "Idle"
length = 0.2

[sub_resource type="Animation" id=3]
resource_name = "Jump"
length = 0.2

[sub_resource type="Animation" id=4]
length = 0.4
loop = true

[sub_resource type="RectangleShape2D" id=5]

[node name="Enemy" type="KinematicBody2D"]
script = ExtResource( 1 )

[node name="CollisionShape2D" type="CollisionShape2D" parent="."]
position = Vector2( -1.7818, -8.54782 )
scale = Vector2( 0.699301, 0.733712 )
shape = SubResource( 1 )

[node name="Animator" type="AnimationPlayer" parent="."]
anims/Idle = SubResource( 2 )
anims/Jump = SubResource( 3 )
anims/Walk = SubResource( 4 )

[node name="Sprite" type="AnimatedSprite" parent="."]
scale = Vector2( 2, 2 )
frames = ExtResource( 2 )
animation = "jalan_kanan"
frame = 4
playing = true

[node name="Area2D" type="Area2D" parent="."]
position = Vector2( -1.33635, 0.44545 )

[node name="CollisionShape2D" type="CollisionShape2D" parent="Area2D"]
position = Vector2( 0.44545, -9.35444 )
scale = Vector2( 2, 3 )
shape = SubResource( 5 )

[node name="Timer" type="Timer" parent="."]
wait_time = 0.5

[connection signal="body_entered" from="Area2D" to="." method="_on_Area2D_body_entered"]
[connection signal="timeout" from="Timer" to="." method="_on_Timer_timeout"]
